@article{devlin2018bert,
  title={BERT: Pre-training of Deep Bidirectional Transformers for Language Understanding},
  author={Devlin, Jacob and Chang, Ming-Wei and Lee, Kenton and Toutanova, Kristina},
  journal={arXiv preprint arXiv:1810.04805},
  year={2018}
}

@article{2019albert,
  title={ALBERT: A Lite BERT for Self-supervised Learning of Language Representations},
  author={Zhenzhong,Lan and Mingda, Chen and Sebastian, Goodman and Kevin, Gimpel and Piyush, Sharma and Radu, oricut},
  journal={arXiv preprint arXiv:1810.04805},
  year={2019}
}

